<?xml version="1.0" encoding="UTF-8"?><record xmlns="http://www.loc.gov/MARC21/slim" xmlns:cinclude="http://apache.org/cocoon/include/1.0" xmlns:zs="http://www.loc.gov/zing/srw/">
  <leader>01306cz  a2200229n  4500</leader>
  <controlfield tag="001">n  00033038 </controlfield>
  <controlfield tag="003">DLC</controlfield>
  <controlfield tag="005">20080927074846.0</controlfield>
  <controlfield tag="008">000801n| acannaabn          |b ana      </controlfield>
  <datafield tag="010" ind1=" " ind2=" ">
    <subfield code="a">n  00033038 </subfield>
  </datafield>
  <datafield tag="035" ind1=" " ind2=" ">
    <subfield code="a">(OCoLC)oca05276953</subfield>
  </datafield>
  <datafield tag="040" ind1=" " ind2=" ">
    <subfield code="a">DLC</subfield>
    <subfield code="b">eng</subfield>
    <subfield code="c">DLC</subfield>
    <subfield code="d">DLC</subfield>
    <subfield code="d">ICU</subfield>
    <subfield code="d">OCoLC</subfield>
  </datafield>
  <datafield tag="110" ind1="2" ind2=" ">
    <subfield code="a">Administrat︠s︡ii︠a︡ Kirovskoĭ oblasti.</subfield>
    <subfield code="b">Upravlenie po delam arkhivov</subfield>
  </datafield>
  <datafield tag="410" ind1="2" ind2=" ">
    <subfield code="a">Administrat︠s︡ii︠a︡ Kirovskoĭ oblasti.</subfield>
    <subfield code="b">Archive Department</subfield>
  </datafield>
  <datafield tag="410" ind1="2" ind2=" ">
    <subfield code="a">Upravlenie po delam arkhivov Administrat︠s︡ii Kirovskoĭ oblasti</subfield>
  </datafield>
  <datafield tag="410" ind1="2" ind2=" ">
    <subfield code="a">Archive Department of the Administration of Kirov Region</subfield>
  </datafield>
  <datafield tag="410" ind1="2" ind2=" ">
    <subfield code="a">Upravlenie po delam arkhivov Kirovskoĭ oblasti</subfield>
  </datafield>
  <datafield tag="410" ind1="2" ind2=" ">
    <subfield code="a">Администрация Кировской области.</subfield>
    <subfield code="b">Управление по делам архивов</subfield>
  </datafield>
  <datafield tag="667" ind1=" " ind2=" ">
    <subfield code="a">Machine-derived non-Latin script reference project.</subfield>
  </datafield>
  <datafield tag="667" ind1=" " ind2=" ">
    <subfield code="a">Non-Latin script reference not evaluated.</subfield>
  </datafield>
  <datafield tag="670" ind1=" " ind2=" ">
    <subfield code="a">T︠S︡entr dokumentat︠s︡ii noveĭsheĭ istorii Kirovskoĭ oblasti, 1999:</subfield>
    <subfield code="b">t.p. (Upravlenie po delam arkhivov Administrat︠s︡ii Kirovskoĭ oblasti) added t.p. (Archive Department of the Administration of Kirov Region)</subfield>
  </datafield>
  <datafield tag="670" ind1=" " ind2=" ">
    <subfield code="a">Politicheskie lidery Vi︠a︡tskogo krai︠a︡, vek XX, 2006:</subfield>
    <subfield code="b">insert (Upravlenie po delam arkhivov Kirovskoĭ oblasti)</subfield>
  </datafield>
</record>